@book{downey2008,
  title={The Little Book of Semaphores},
  author={Downey, Allen B.},
  volume={2},
  year={2008},
  publisher={Green Tea Press}
}